%
% Copyright (c) Facebook, Inc. and its affiliates.
%
% This source code is licensed under the MIT license found in the LICENSE file
% in the root directory of this source tree. 
%

@article{brocker,
  author = {Jochen Br\"ocker},
  title = {Some remarks on the reliability
           of categorical probability forecasts},
  journal = {Mon. Weather Rev.},
  volume = {136},
  number = {11},
  pages = {4488--4502},
  year = {2008}
}

@article{brocker-smith,
  author = {Jochen Br\"ocker and Leonard A. Smith},
  title = {Increasing the reliability of reliability diagrams},
  journal = {Weather Forecast.},
  volume = {22},
  number = {3},
  pages = {651--661},
  year = {2007}
}

@inproceedings{corbett-davies-pierson-feller-goel-huq,
  author = {Sam Corbett-Davies and Emma Pierson and Avi Feller and Sharad Goel
            and Aziz Huq},
  title = {Algorithmic decision making and the cost of fairness},
  booktitle = {Proc. 23rd ACM SIGKDD Int. Conf. Knowl. Disc. Data Min.},
  year = {2017},
  pages = {797--806},
  organization = {Assoc. Comput. Mach.}
}

@article{crowson-atkinson-therneau,
  author = {Cynthia S. Crowson and Elizabeth J. Atkinson
            and Terry M. Therneau},
  title = {Assessing calibration of prognostic risk scores},
  journal = {Stat. Methods Med. Res.},
  volume = {25},
  number = {4},
  pages = {1692--1706},
  year = {2016}
}

@article{doksum,
  author = {Kjell A. Doksum},
  title = {Some graphical methods in statistics: a review and some extensions},
  journal = {Statist. Neerl.},
  volume = {31},
  number = {2},
  pages = {53--68},
  year = {1977}
}

@article{gneiting-balabdaoui-raftery,
  author = {Tilmann Gneiting and Fadoua Balabdaoui and Adrian E. Raftery},
  title = {Probabilistic forecasts, calibration, and sharpness},
  journal = {J. Royal Stat. Soc. B},
  volume = {69},
  number = {2},
  pages = {243--268},
  year = {2007}
}

@article{guo-pleiss-sun-weinberger,
  author = {Chuan Guo and Geoff Pleiss and Yu Sun and Kilian Q. Weinberger},
  title = {On calibration of modern neural networks},
  journal = {Proc. Mach. Learn. Res.},
  volume = {70},
  pages = {1321--1330},
  year = {2017},
  note = {Proc. 34th Int. Conf. Mach. Learn.}
}

@techreport{gupta-rahimi-ajanthan-mensink-sminchisescu-hartley,
  author = {Kartik Gupta and Amir Rahimi and Thalaiyasingam Ajanthan
            and Thomas Mensink and Cristian Sminchisescu and Richard Hartley},
  title = {Calibration of neural networks using splines},
  institution = {arXiv},
  year = {2020},
  number = {2006.12800}
}

@inproceedings{he-zhang-ren-sun,
  author = {Kaiming He and Xiangyu Zhang and Shaoqing Ren and Jian Sun},
  title = {Deep residual learning for image recognition},
  booktitle = {2016 IEEE Conference on Computer Vision
               and Pattern Recognition (CVPR)},
  pages = {770--778},
  publisher = {IEEE},
  year = {2016}
}

@article{marsaglia-tsang-wang,
  author = {George Marsaglia and Wai Wan Tsang and Jingbo Wang},
  title = {Evaluating {K}olmogorov's distribution},
  journal = {J. Stat. Softw.},
  volume = {8},
  number = {i18},
  pages = {1--4},
  year = {2003}
}

@article{masoliver,
  author = {Jaume Masoliver},
  title = {Extreme values and the level-crossing problem: an application
           to the {F}eller process},
  journal = {Phys. Rev. E},
  volume = {89},
  number = {4},
  year = {2014},
  note = {No. 042106}
}

@article{murphy-winkler,
  author = {Allan H. Murphy and Robert L. Winkler},
  title = {Diagnostic verification of probability forecasts},
  journal = {Int. J. Forecast.},
  volume = {7},
  number = {4},
  pages = {435--455},
  year = {1992}
}

@inproceedings{pytorch,
  author = {Adam Paszke and Sam Gross and Francisco Massa and Adam Lerer
            and James Bradbury and Gregory Chanan and Trevor Killeen
            and Zeming Lin and Natalia Gimelshein and Luca Antiga
            and Alban Desmaison and Andreas Kopf and Edward Yang
            and Zachary De{V}ito and Martin Raison and Alykhan Tejani
            and Sasank Chilamkurthy and Benoit Steiner and Lu Fang
            and Junjie Bai and Soumith Chintala},
  title = {Py{T}orch: an imperative style, high-performance deep learning
           library},
  booktitle = {Advances in Neural Information Processing Systems 32},
  pages = {8026--8037},
  year = {2019},
  publisher = {Curran Associates}
}

@book{press-teukolsky-vetterling-flannery,
  author = {William H. Press and Saul A. Teukolsky and William T. Vetterling
            and Brian P. Flannery},
  title = {Numerical Recipes: the Art of Scientific Programming},
  publisher = {Cambridge University Press},
  address = {Cambridge, UK},
  year = {2007},
  edition = {3rd}
}

@techreport{roelofs-cain-shlens-mozer,
  author = {Rebecca Roelofs and Nicholas Cain and Jonathon Shlens
            and Michael C. Mozer},
  title = {Mitigating bias in calibration error estimation},
  institution = {arXiv},
  month = {February},
  year = {2021},
  number = {2012.08668v2}
}

@article{imagenet,
  author = {Olga Russakovsky and Jia Deng and Hao Su and Jonathan Krause
            and Sanjeev Satheesh and Sean Ma and Zhiheng Huang
            and Andrej Karpathy and Aditya Khosla and Michael Bernstein
            and Alexander C. Berg and Li Fei-Fei},
  title = {Image{N}et large scale visual recognition challenge},
  journal = {Int. J. Comput. Vis.},
  volume = {115},
  number = {3},
  pages = {211--252},
  year = {2015}
}

@article{simpson,
  author = {Edward H. Simpson},
  title = {The interpretation of interaction in contingency tables},
  journal = {J. R. Stat. Soc. Ser. B},
  volume = {13},
  number = {2},
  pages = {238--241},
  year = {1951}
}

@techreport{tygert,
  author = {Mark Tygert},
  title = {Plots of the cumulative differences between observed
           and expected values of sorted {B}ernoulli variates},
  institution = {arXiv},
  year = {2020},
  number = {2006.02504}
}

@article{vaicenavicius-widmann-andersson-lindsten-roll-schoen,
  author = {Juozas Vaicenavicius and David Widmann and Carl Andersson
            and Fredrik Lindsten and Jacob Roll and Thomas B. Sch\"on},
  title = {Evaluating model calibration in classification},
  journal = {Proc. Mach. Learn. Res.},
  volume = {89},
  pages = {3459--3467},
  year = {2019},
  note = {Proc. 22nd Int. Conf. Artif. Intell. Stat.}
}

@book{wilks,
  author = {Daniel S. Wilks},
  title = {Statistical Methods in the Atmospheric Sciences},
  publisher = {Academic Press},
  year = {2011},
  volume = {100},
  series = {International Geophysics},
  edition = {3rd}
}
